@Book{Barn88b, 
	author = {Barnsley,, Michael},
	title = {Fractals everywhere},
	year = {1988},
	isbn = {0-12-079062-9},
	publisher = {Academic Press Professional, Inc.},
	address = {San Diego, CA, USA}
}
@article{Jacq93, 
   Author = {Jacquin, A. E.},
   Title = {Fractal image coding: A review},
   Journal = {Proceedings of the IEEE},
   Volume = {81},
   Number = {10},
   Pages = {1451--1465},
   Year = {1993}
}
