@misc{ Qt,
	title = {Qt --- A cross-platform application and {UI} framework},
	howpublished = "\url{http://www.qtsoftware.com/}",
}
@misc{ GCC,
	title = {{GCC}, the {GNU} Compiler Collection},
	howpublished = "\url{http://gcc.gnu.org/}",
}
@misc{ Loki,
	title = {Loki library},
	howpublished = "\url{http://sourceforge.net/projects/loki-lib/}",
}
@misc{ wiki:Lab,
	author = "Wikipedia",
	title = "Lab color space --- Wikipedia{,} The Free Encyclopedia",
	year = "2009",
	url = "\url{http://en.wikipedia.org/w/index.php?title=Lab_color_space&oldid=296359807}",
	#note = "[Online; accessed 14-June-2009]"
}
